@article{garey1979,
  title={{Computers and Intractability: A Guide to the Theory of NP-Completeness}},
  author={Garey, Michael R and Johnson, David S},
  journal={WH Freeman Co., San Francisco},
  pages={90--91},
  year={1979}
}


@incollection{coffman1984,
  title={{Approximation Algorithms for Bin-Packing â€” An Updated Survey}},
  author={Coffman, Edward G and Garey, Michael R and Johnson, David S},
  booktitle={{Algorithm Design for Computer System Design}},
  pages={49--106},
  year={1984},
  publisher={Springer}
}


@article{lewis2017,
  title={{How to Pack Trapezoids: Exact and Evolutionary Algorithms}},
  author={Lewis, Rhyd and Holborn, Penny},
  journal={{IEEE Transactions on Evolutionary Computation}},
  volume={21},
  number={3},
  pages={463--476},
  year={2017},
  publisher={IEEE}
}

@article{becker2015,
  title={{A Heuristic for the Minimum Score Separation Problem, a Combinatorial Problem Associated with the Cutting Stock Problem}},
  author={Becker, Kai Helge and Appa, Gautam},
  journal={{Journal of the Operational Research Society}},
  volume={66},
  number={8},
  pages={1297--1311},
  year={2015},
  publisher={Palgrave Macmillan UK}
}

@article{goulimis2004,
  title={{Minimum Score Separation - An Open Combinatorial Problem Associated with the Cutting Stock Problem}},
  author={Goulimis, C},
  journal={{Journal of the Operational Research Society}},
  volume={55},
  number={12},
  pages={1367--1368},
  year={2004}
}

@phdthesis{becker2010,
  title={{Twin-Constrained Hamiltonian Paths on Threshold Graphs - An Approach to the Minimum Score Separation Problem}},
  author={Becker, Kai Helge},
  school={{London School of Economics}},
  type={{PhD Thesis}},
  year={2010}
}

@incollection{karp1972,
  title={{Reducibility Among Combinatorial Problems}},
  author={Karp, Richard M},
  booktitle={{Complexity of Computer Computations}},
  pages={85--103},
  year={1972},
  publisher={Springer}
}

@book{mahadev1995,
  title={{Threshold Graphs and Related Topics, Annals of Discrete Mathematics}},
  author={Mahadev, Nadimpalli V R and Peled, Uri N},
  volume={56},
  year={1995},
  publisher={Elsevier}
}



